<?xml version="1.0" encoding="UTF-8"?>
<marc:collection xmlns:marc="http://www.loc.gov/MARC21/slim">
    <marc:record>
        <marc:leader>06418cam a2200541za 4500</marc:leader>
        <marc:controlfield tag="001">0004825115</marc:controlfield>
        <marc:controlfield tag="003">UK-WkNB</marc:controlfield>
        <marc:controlfield tag="005">20120611000000.0</marc:controlfield>
        <marc:controlfield tag="007">ta</marc:controlfield>
        <marc:controlfield tag="008">120611e201209uuxx#u||||||||||0|0 ||eng|d</marc:controlfield>
        <marc:datafield tag="020" ind1=" " ind2=" ">
            <marc:subfield code="a">9780252078675 (pbk.) :</marc:subfield>
            <marc:subfield code="c">£21.99</marc:subfield>
        </marc:datafield>
        <marc:datafield tag="020" ind1=" " ind2=" ">
            <marc:subfield code="a">0252078675 (pbk.) :</marc:subfield>
            <marc:subfield code="c">£21.99</marc:subfield>
        </marc:datafield>
        <marc:datafield tag="024" ind1="3" ind2=" ">
            <marc:subfield code="a">9780252078675</marc:subfield>
        </marc:datafield>
        <marc:datafield tag="040" ind1=" " ind2=" ">
            <marc:subfield code="a">UK-WkNB</marc:subfield>
            <marc:subfield code="b">eng</marc:subfield>
            <marc:subfield code="c">UK-WkNB</marc:subfield>
        </marc:datafield>
        <marc:datafield tag="072" ind1=" " ind2="7">
            <marc:subfield code="a">JFSJ1</marc:subfield>
            <marc:subfield code="x">1KBB</marc:subfield>
            <marc:subfield code="2">bicssc</marc:subfield>
        </marc:datafield>
        <marc:datafield tag="072" ind1=" " ind2="7">
            <marc:subfield code="a">JKVP</marc:subfield>
            <marc:subfield code="x">1KBB</marc:subfield>
            <marc:subfield code="2">bicssc</marc:subfield>
        </marc:datafield>
        <marc:datafield tag="072" ind1=" " ind2="7">
            <marc:subfield code="a">SOC</marc:subfield>
            <marc:subfield code="2">ukslc</marc:subfield>
        </marc:datafield>
        <marc:datafield tag="072" ind1=" " ind2="7">
            <marc:subfield code="a">JBSF1</marc:subfield>
            <marc:subfield code="x">1KBB</marc:subfield>
            <marc:subfield code="2">thema</marc:subfield>
        </marc:datafield>
        <marc:datafield tag="072" ind1=" " ind2="7">
            <marc:subfield code="a">JKVP</marc:subfield>
            <marc:subfield code="x">1KBB</marc:subfield>
            <marc:subfield code="2">thema</marc:subfield>
        </marc:datafield>
        <marc:datafield tag="082" ind1="0" ind2="4">
            <marc:subfield code="a">365.4309252</marc:subfield>
            <marc:subfield code="2">23</marc:subfield>
        </marc:datafield>
        <marc:datafield tag="245" ind1="1" ind2="4">
            <marc:subfield code="a">The Story Within Us :</marc:subfield>
            <marc:subfield code="b">Women Prisoners Reflect on Reading /</marc:subfield>
            <marc:subfield code="c">Edited by Megan Sweeney.</marc:subfield>
        </marc:datafield>
        <marc:datafield tag="260" ind1=" " ind2=" ">
            <marc:subfield code="a">Baltimore :</marc:subfield>
            <marc:subfield code="b">University of Illinois Press :</marc:subfield>
            <marc:subfield code="b">[distributor] Marston Book Services Ltd :</marc:subfield>
            <marc:subfield code="b">[distributor] Footprint Books :</marc:subfield>
            <marc:subfield code="b">[distributor] Footprint Books :</marc:subfield>
            <marc:subfield code="b">[distributor] Marston Book Services Ltd :</marc:subfield>
            <marc:subfield code="b">[distributor] University of Illinois Press,</marc:subfield>
            <marc:subfield code="c">2012.</marc:subfield>
        </marc:datafield>
        <marc:datafield tag="300" ind1=" " ind2=" ">
            <marc:subfield code="a">288 p. ;</marc:subfield>
            <marc:subfield code="c">24x16 cm.</marc:subfield>
        </marc:datafield>
        <marc:datafield tag="365" ind1=" " ind2=" ">
            <marc:subfield code="a">02</marc:subfield>
            <marc:subfield code="b">21.99</marc:subfield>
            <marc:subfield code="c">GBP</marc:subfield>
            <marc:subfield code="d">00</marc:subfield>
            <marc:subfield code="e">This price includes a tax element</marc:subfield>
            <marc:subfield code="h">Z 21.99 0.00 21.99 0.00</marc:subfield>
            <marc:subfield code="j">GB</marc:subfield>
            <marc:subfield code="k">xxk</marc:subfield>
            <marc:subfield code="m">CAP</marc:subfield>
            <marc:subfield code="2">onix-pt</marc:subfield>
        </marc:datafield>
        <marc:datafield tag="365" ind1=" " ind2=" ">
            <marc:subfield code="a">02</marc:subfield>
            <marc:subfield code="b">27.00</marc:subfield>
            <marc:subfield code="c">USD</marc:subfield>
            <marc:subfield code="d">00</marc:subfield>
            <marc:subfield code="e">Local taxes may apply</marc:subfield>
            <marc:subfield code="h">Z 27.00 0.00 27.00 0.00</marc:subfield>
            <marc:subfield code="j">US</marc:subfield>
            <marc:subfield code="k">xxu</marc:subfield>
            <marc:subfield code="m">Ingram</marc:subfield>
            <marc:subfield code="2">onix-pt</marc:subfield>
        </marc:datafield>
        <marc:datafield tag="365" ind1=" " ind2=" ">
            <marc:subfield code="a">02</marc:subfield>
            <marc:subfield code="b">49.99</marc:subfield>
            <marc:subfield code="c">AUD</marc:subfield>
            <marc:subfield code="d">00</marc:subfield>
            <marc:subfield code="e">This price includes a tax element</marc:subfield>
            <marc:subfield code="j">AU</marc:subfield>
            <marc:subfield code="k">at</marc:subfield>
            <marc:subfield code="m">FOOTP</marc:subfield>
            <marc:subfield code="2">onix-pt</marc:subfield>
        </marc:datafield>
        <marc:datafield tag="365" ind1=" " ind2=" ">
            <marc:subfield code="a">02</marc:subfield>
            <marc:subfield code="b">57.99</marc:subfield>
            <marc:subfield code="c">NZD</marc:subfield>
            <marc:subfield code="d">00</marc:subfield>
            <marc:subfield code="e">This price includes a tax element</marc:subfield>
            <marc:subfield code="j">NZ</marc:subfield>
            <marc:subfield code="k">nz</marc:subfield>
            <marc:subfield code="m">FOOTP</marc:subfield>
            <marc:subfield code="2">onix-pt</marc:subfield>
        </marc:datafield>
        <marc:datafield tag="365" ind1=" " ind2=" ">
            <marc:subfield code="a">02</marc:subfield>
            <marc:subfield code="b">21.99</marc:subfield>
            <marc:subfield code="c">GBP</marc:subfield>
            <marc:subfield code="d">00</marc:subfield>
            <marc:subfield code="e">This price includes a tax element</marc:subfield>
            <marc:subfield code="h">Z 21.99 0.00 21.99 0.00</marc:subfield>
            <marc:subfield code="j">ZA</marc:subfield>
            <marc:subfield code="k">sa</marc:subfield>
            <marc:subfield code="m">CAP</marc:subfield>
            <marc:subfield code="2">onix-pt</marc:subfield>
        </marc:datafield>
        <marc:datafield tag="366" ind1=" " ind2=" ">
            <marc:subfield code="b">20120911</marc:subfield>
            <marc:subfield code="2">UK-WkNB</marc:subfield>
        </marc:datafield>
        <marc:datafield tag="366" ind1=" " ind2=" ">
            <marc:subfield code="b">20120911</marc:subfield>
            <marc:subfield code="2">UK-WkNB</marc:subfield>
        </marc:datafield>
        <marc:datafield tag="366" ind1=" " ind2=" ">
            <marc:subfield code="b">20120911</marc:subfield>
            <marc:subfield code="2">UK-WkNB</marc:subfield>
        </marc:datafield>
        <marc:datafield tag="366" ind1=" " ind2=" ">
            <marc:subfield code="b">20120911</marc:subfield>
            <marc:subfield code="2">UK-WkNB</marc:subfield>
        </marc:datafield>
        <marc:datafield tag="366" ind1=" " ind2=" ">
            <marc:subfield code="b">20120911</marc:subfield>
            <marc:subfield code="2">UK-WkNB</marc:subfield>
        </marc:datafield>
        <marc:datafield tag="500" ind1=" " ind2=" ">
            <marc:subfield code="a">Paperback.</marc:subfield>
        </marc:datafield>
        <marc:datafield tag="520" ind1=" " ind2=" ">
            <marc:subfield code="a">The Story Within Us: Women Prisoners Reflect on Reading features in-depth, oral
                interviews with eleven incarcerated women, each of whom offers a narrative of her life and her reading
                experiences within prison walls. The women share powerful stories about their complex and diverse
                efforts to negotiate difficult relationships, exercise agency in restrictive circumstances, and find
                meaning and beauty in the midst of pain. Their shared emphases on abuse, poverty, addiction, and mental
                illness illuminate the pathways that lead many women to prison and suggest possibilities for addressing
                the profound social problems that fuel crime. Framing the narratives within an analytic introduction and
                reflective afterword, Megan Sweeney highlights the crucial intellectual work that the incarcerated women
                perform despite myriad restrictions on reading and education in U.S. prisons. These women use the
                limited reading materials available to them as sources of guidance and support and as tools for
                self-reflection and self-education. Through their creative engagements with books, the women learn to
                reframe their own life stories, situate their experiences in relation to broader social patterns, deepen
                their understanding of others, experiment with new ways of being, and maintain a sense of connection
                with their fellow citizens on both sides of the prison fence.
            </marc:subfield>
            <marc:subfield code="b">The Story Within Us: Women Prisoners Reflect on Reading features in-depth, oral
                interviews with eleven incarcerated women, each of whom offers a narrative of her life and her reading
                experiences within prison walls. The women share powerful stories about their complex and diverse
                efforts to negotiate difficult relationships, exercise agency in restrictive circumstances, and find
                meaning and beauty in the midst of pain. Their shared emphases on abuse, poverty, addiction, and mental
                illness illuminate the pathways that lead many women to prison and suggest possibilities for addressing
                the profound social problems that fuel crime. Framing the narratives within an analytic introduction and
                reflective afterword, Megan Sweeney highlights the crucial intellectual work that the incarcerated women
                perform despite myriad restrictions on reading and education in U.S. prisons. These women use the
                limited reading materials available to them as sources of guidance and support and as tools for
                self-reflection and self-education. Through their creative engagements with books, the women learn to
                reframe their own life stories, situate their experiences in relation to broader social patterns, deepen
                their understanding of others, experiment with new ways of being, and maintain a sense of connection
                with their fellow citizens on both sides of the prison fence.
            </marc:subfield>
        </marc:datafield>
        <marc:datafield tag="520" ind1="1" ind2=" ">
            <marc:subfield code="a">"Riveting and poignant, the voices of these incarcerated women speak to the value of
                promoting autobiographical reflections and of reading as a therapeutic and community-building resource
                in prisons and society at large. A stimulating cry for social and familial change."--Patricia E.
                O'Connor, author of Speaking of Crime: Narratives of Prisoners "A powerful addition to prison literature
                that will interest scholars of feminist criminology, prison studies, English, women's studies,
                sociology, and ethnic studies. While other anthologies feature the narratives of incarcerated women,
                this book is unique in that it includes rich narratives in which women describe what reading and books
                mean to them."--Jodie Michelle Lawston, coeditor of Razor Wire Women: Prisoners, Activists, Scholars,
                and Artists "Megan Sweeney's The Story Within Us is a prime example of the rich evidence of reading for
                which many historians would be tempted to trade their nearest and dearest... These narratives show that
                women prisoners do not digest approved reading materials uncritically but use such literature as a
                coping mechanism on their own terms.--SHARP News.
            </marc:subfield>
        </marc:datafield>
        <marc:datafield tag="545" ind1="0" ind2=" ">
            <marc:subfield code="a">Megan Sweeney is an associate professor of English Language &amp; Literature and
                Afroamerican and African Studies at the University of Michigan. She is the author of Reading is My
                Window: Books and the Art of Reading in Women's Prisons.
            </marc:subfield>
        </marc:datafield>
        <marc:datafield tag="650" ind1=" " ind2="0">
            <marc:subfield code="a">Women prisoners</marc:subfield>
            <marc:subfield code="x">Books and reading</marc:subfield>
            <marc:subfield code="z">United States.</marc:subfield>
        </marc:datafield>
        <marc:datafield tag="650" ind1=" " ind2="0">
            <marc:subfield code="a">Books and reading.</marc:subfield>
        </marc:datafield>
        <marc:datafield tag="650" ind1=" " ind2="0">
            <marc:subfield code="a">African American women</marc:subfield>
            <marc:subfield code="x">Books and reading.</marc:subfield>
        </marc:datafield>
        <marc:datafield tag="650" ind1=" " ind2="7">
            <marc:subfield code="a">Gender studies: women</marc:subfield>
            <marc:subfield code="z">USA.</marc:subfield>
            <marc:subfield code="2">bicssc</marc:subfield>
        </marc:datafield>
        <marc:datafield tag="650" ind1=" " ind2="7">
            <marc:subfield code="a">Penology &amp; punishment</marc:subfield>
            <marc:subfield code="z">USA.</marc:subfield>
            <marc:subfield code="2">bicssc</marc:subfield>
        </marc:datafield>
        <marc:datafield tag="650" ind1=" " ind2="7">
            <marc:subfield code="a">Society.</marc:subfield>
            <marc:subfield code="2">ukslc</marc:subfield>
        </marc:datafield>
        <marc:datafield tag="650" ind1=" " ind2="7">
            <marc:subfield code="a">Gender studies: women &amp; girls</marc:subfield>
            <marc:subfield code="z">United States of America, USA.</marc:subfield>
            <marc:subfield code="2">thema</marc:subfield>
        </marc:datafield>
        <marc:datafield tag="650" ind1=" " ind2="7">
            <marc:subfield code="a">Penology &amp; punishment</marc:subfield>
            <marc:subfield code="z">United States of America, USA.</marc:subfield>
            <marc:subfield code="2">thema</marc:subfield>
        </marc:datafield>
        <marc:datafield tag="700" ind1="1" ind2=" ">
            <marc:subfield code="a">Sweeney, Megan,</marc:subfield>
            <marc:subfield code="d">1967-</marc:subfield>
        </marc:datafield>
        <marc:datafield tag="852" ind1=" " ind2=" ">
            <marc:subfield code="a">DE-15</marc:subfield>
            <marc:subfield code="z">2013-01-01T00:00:00Z</marc:subfield>
        </marc:datafield>
        <marc:datafield tag="980" ind1=" " ind2=" ">
            <marc:subfield code="a">9780252078675</marc:subfield>
            <marc:subfield code="b">3</marc:subfield>
            <marc:subfield code="c">20170809</marc:subfield>
        </marc:datafield>
    </marc:record>
</marc:collection>
